<record><leader>00000cas a22000007a 4500</leader><controlfield tag="001">21218946</controlfield><controlfield tag="008">900315d18761uuunyuuu ne      0    0eng d</controlfield><datafield ind1=" " ind2=" " tag="010"><subfield code="a">sn 90066016 </subfield></datafield><datafield ind1=" " ind2=" " tag="040"><subfield code="a">NYS</subfield><subfield code="b">eng</subfield><subfield code="c">NYS</subfield><subfield code="d">OCLCQ</subfield></datafield><datafield ind1=" " ind2=" " tag="042"><subfield code="a">msc</subfield></datafield><datafield ind1="0" ind2=" " tag="130"><subfield code="a">Centennial (Farmer Village, N.Y.)</subfield></datafield><datafield ind1="1" ind2="4" tag="245"><subfield code="a">The Centennial.</subfield></datafield><datafield ind1=" " ind2=" " tag="260"><subfield code="a">Farmer Village, N.Y. :</subfield><subfield code="b">Lewis Halsey</subfield></datafield><datafield ind1=" " ind2=" " tag="300"><subfield code="a">v.</subfield></datafield><datafield ind1="1" ind2=" " tag="362"><subfield code="a">Began in 1876?</subfield></datafield><datafield ind1=" " ind2=" " tag="500"><subfield code="a">Farmer Village became Farmer in 1892. Farmer became Interlaken in 1904.</subfield></datafield><datafield ind1=" " ind2=" " tag="500"><subfield code="a">"With charity for all, with malice toward none."</subfield></datafield><datafield ind1=" " ind2=" " tag="588"><subfield code="a">Description based on: July 4, 1876.</subfield></datafield><datafield ind1=" " ind2="4" tag="651"><subfield code="a">Interlaken (N.Y.)</subfield><subfield code="v">Newspapers.</subfield></datafield><datafield ind1=" " ind2=" " tag="752"><subfield code="a">United States</subfield><subfield code="b">New York</subfield><subfield code="c">Seneca</subfield><subfield code="d">Farmer Village.</subfield></datafield><datafield ind1=" " ind2=" " tag="752"><subfield code="a">United States</subfield><subfield code="b">New York</subfield><subfield code="c">Seneca</subfield><subfield code="d">Interlaken.</subfield></datafield><datafield ind1="1" ind2=" " tag="029"><subfield code="a">AU@</subfield><subfield code="b">000020597836</subfield></datafield></record>